<record><leader>00000cas a22000007a 4500</leader><controlfield tag="001">25474162</controlfield><controlfield tag="008">920313d19171919ctudn ne      0    0eng d</controlfield><datafield ind1=" " ind2=" " tag="010"><subfield code="a">sn 92051171 </subfield></datafield><datafield ind1=" " ind2=" " tag="040"><subfield code="a">CNW</subfield><subfield code="b">eng</subfield><subfield code="c">CNW</subfield><subfield code="d">OCLCQ</subfield></datafield><datafield ind1=" " ind2=" " tag="042"><subfield code="a">msc</subfield></datafield><datafield ind1="0" ind2="0" tag="245"><subfield code="a">Standard-American.</subfield></datafield><datafield ind1="1" ind2="3" tag="246"><subfield code="a">Bridgeport standard-American</subfield></datafield><datafield ind1="1" ind2="7" tag="246"><subfield code="a">Bridgeport daily standard-American</subfield></datafield><datafield ind1=" " ind2=" " tag="260"><subfield code="a">Bridgeport, Conn. :</subfield><subfield code="b">Geo. C. Waldo</subfield></datafield><datafield ind1=" " ind2=" " tag="300"><subfield code="a">v.</subfield></datafield><datafield ind1=" " ind2=" " tag="310"><subfield code="a">Daily (except Sun.)</subfield></datafield><datafield ind1="0" ind2=" " tag="362"><subfield code="a">Aug. 29, 1917-Jan. 4, 1919.</subfield></datafield><datafield ind1=" " ind2="4" tag="651"><subfield code="a">Bridgeport (Conn.)</subfield><subfield code="v">Newspapers.</subfield></datafield><datafield ind1=" " ind2=" " tag="752"><subfield code="a">United States</subfield><subfield code="b">Connecticut</subfield><subfield code="c">Fairfield</subfield><subfield code="d">Bridgeport.</subfield></datafield><datafield ind1="0" ind2="0" tag="780"><subfield code="t">Bridgeport standard-American</subfield><subfield code="w">(DLC)sn 92051173</subfield></datafield><datafield ind1="0" ind2="4" tag="785"><subfield code="t">Bridgeport telegram (Bridgeport, Conn. : 1908)</subfield><subfield code="w">(DLC)sn 82015933</subfield><subfield code="w">(OCoLC)8833700</subfield></datafield><datafield ind1="1" ind2=" " tag="029"><subfield code="a">AU@</subfield><subfield code="b">000020705904</subfield></datafield></record>